
@article{collins2015transparent,
  title={Transparent reporting of a multivariable prediction model for individual prognosis or diagnosis (TRIPOD) the TRIPOD statement},
  author={Collins, Gary S and Reitsma, Johannes B and Altman, Douglas G and Moons, Karel GM},
  journal={Circulation},
  volume={131},
  number={2},
  pages={211--219},
  year={2015},
  publisher={Am Heart Assoc}
}

@article{chen2020overview,
  title={Overview of clinical prediction models},
  author={Chen, Lingxiao},
  journal={Annals of translational medicine},
  volume={8},
  number={4},
  year={2020},
  publisher={AME Publications}
}
@article{zhang2014big,
  title={Big data and clinical research: focusing on the area of critical care medicine in mainland China},
  author={Zhang, Zhongheng},
  journal={Quantitative Imaging in Medicine and Surgery},
  volume={4},
  number={5},
  pages={426},
  year={2014},
  publisher={AME Publications}
}
@book{harrell2001regression,
  title={Regression modeling strategies: with applications to linear models, logistic regression, and survival analysis},
  author={Harrell, Frank E and others},
  volume={608},
  year={2001},
  publisher={Springer}
}
@article{sterne2009multiple,
  title={Multiple imputation for missing data in epidemiological and clinical research: potential and pitfalls},
  author={Sterne, Jonathan AC and White, Ian R and Carlin, John B and Spratt, Michael and Royston, Patrick and Kenward, Michael G and Wood, Angela M and Carpenter, James R},
  journal={Bmj},
  volume={338},
  year={2009},
  publisher={British Medical Journal Publishing Group}
}
@article{royston1999use,
  title={The use of fractional polynomials to model continuous risk variables in epidemiology.},
  author={Royston, Patrick and Ambler, Gareth and Sauerbrei, Willi},
  journal={International journal of epidemiology},
  volume={28},
  number={5},
  pages={964--974},
  year={1999}
}
@article{clough1984environmental,
  title={Environmental factors in relation to the comfort and well-being of laboratory rats and mice},
  author={Clough, G},
  journal={Standards in Laboratory Animal Management},
  volume={1},
  pages={7--24},
  year={1984},
  publisher={UFAW Potters Bar}
}
@article{兰欣2019机器学习算法在医疗领域中的应用,
  title={机器学习算法在医疗领域中的应用.},
  author={兰欣 and 卫荣 and 蔡宏伟 and 郭佑民 and 侯梦薇 and 邢磊 and 那天 and 陆亮},
  journal={Chinese Medical Equipment Journal},
  volume={40},
  number={3},
  year={2019}
}
@article{sv2018computer,
  title={Computer-aided diagnosis of anterior segment eye abnormalities using visible wavelength image analysis based machine learning},
  author={SV, Mahesh Kumar},
  journal={Journal of medical systems},
  volume={42},
  number={7},
  pages={128},
  year={2018},
  publisher={Springer}
}
@article{rehme2015identifying,
  title={Identifying neuroimaging markers of motor disability in acute stroke by machine learning techniques},
  author={Rehme, Anne Kathrin and Volz, Lukas J and Feis, D-L and Bomilcar-Focke, Iris and Liebig, Timo and Eickhoff, Simon B and Fink, Gereon R and Grefkes, Christian},
  journal={Cerebral cortex},
  volume={25},
  number={9},
  pages={3046--3056},
  year={2015},
  publisher={Oxford University Press}
}
@article{伍亚舟2022人工智能在临床领域的研究进展及前景展望,
  title={人工智能在临床领域的研究进展及前景展望},
  author={伍亚舟 and 陈锡程 and 易东},
  year={2022},
  publisher={陆军军医大学学报}
}
@article{weng2017can,
  title={Can machine-learning improve cardiovascular risk prediction using routine clinical data?},
  author={Weng, Stephen F and Reps, Jenna and Kai, Joe and Garibaldi, Jonathan M and Qureshi, Nadeem},
  journal={PloS one},
  volume={12},
  number={4},
  pages={e0174944},
  year={2017},
  publisher={Public Library of Science}
}