@book{ma2004invitation,
  title={An invitation to 3-d vision: from images to geometric models},
  author={Ma, Yi and Soatto, Stefano and Ko{\v{s}}eck{\'a}, Jana and Sastry, Shankar},
  volume={26},
  year={2004},
  publisher={Springer}
}
@book{bradski2008learning,
  title={Learning OpenCV: Computer vision with the OpenCV library},
  author={Bradski, Gary and Kaehler, Adrian},
  year={2008},
  publisher={" O'Reilly Media, Inc."}
}